@ARTICLE{2015MNRAS.449.4336S,
       author = {{Smith}, Aaron and {Safranek-Shrader}, Chalence and {Bromm}, Volker and
         {Milosavljevi{\'c}}, Milo{\v{s}}},
        title = "{The Lyman {\ensuremath{\alpha}} signature of the first galaxies}",
      journal = {\mnras},
     keywords = {line: profiles, radiative transfer, galaxies: formation, galaxies: high-redshift, cosmology: theory, Astrophysics - Cosmology and Nongalactic Astrophysics},
         year = 2015,
        month = jun,
       volume = {449},
       number = {4},
        pages = {4336-4362},
          doi = {10.1093/mnras/stv565},
archivePrefix = {arXiv},
       eprint = {1409.4480},
 primaryClass = {astro-ph.CO},
       adsurl = {https://ui.adsabs.harvard.edu/abs/2015MNRAS.449.4336S},
      adsnote = {Provided by the SAO/NASA Astrophysics Data System}
}


@ARTICLE{2002ApJ...567..922A,
       author = {{Ahn}, Sang-Hyeon and {Lee}, Hee-Won and {Lee}, Hyung Mok},
        title = "{Ly{\ensuremath{\alpha}} Line Formation in Starbursting Galaxies. II. Extremely Thick, Dustless, and Static H I Media}",
      journal = {\apj},
     keywords = {Galaxies: Starburst, Galaxy: Formation, Line: Formation, Radiative Transfer, Astrophysics},
         year = 2002,
        month = mar,
       volume = {567},
       number = {2},
        pages = {922-930},
          doi = {10.1086/338497},
archivePrefix = {arXiv},
       eprint = {astro-ph/0111013},
 primaryClass = {astro-ph},
       adsurl = {https://ui.adsabs.harvard.edu/abs/2002ApJ...567..922A},
      adsnote = {Provided by the SAO/NASA Astrophysics Data System}
}


@ARTICLE{2006ApJ...649...14D,
       author = {{Dijkstra}, Mark and {Haiman}, Zolt{\'a}n and {Spaans}, Marco},
        title = "{Ly{\ensuremath{\alpha}} Radiation from Collapsing Protogalaxies. I. Characteristics of the Emergent Spectrum}",
      journal = {\apj},
     keywords = {Cosmology: Theory, Galaxies: Formation, Galaxies: Halos, Galaxies: Intergalactic Medium, Galaxies: Quasars: General, Radiative Transfer, Astrophysics},
         year = 2006,
        month = sep,
       volume = {649},
       number = {1},
        pages = {14-36},
          doi = {10.1086/506243},
archivePrefix = {arXiv},
       eprint = {astro-ph/0510407},
 primaryClass = {astro-ph},
       adsurl = {https://ui.adsabs.harvard.edu/abs/2006ApJ...649...14D},
      adsnote = {Provided by the SAO/NASA Astrophysics Data System}
}


@ARTICLE{1994ApJ...427..603R,
       author = {{Rybicki}, George B. and {dell'Antonio}, Ian P.},
        title = "{The Time Development of a Resonance Line in the Expanding Universe}",
      journal = {\apj},
     keywords = {Astronomical Models, Expansion, Fokker-Planck Equation, Hydrogen Recombinations, Lyman Alpha Radiation, Numerical Analysis, Radiative Recombination, Relaxation Time, Resonance Lines, Universe, Coherent Scattering, Cosmology, Diffusion Theory, Inflating, Astrophysics, COSMOLOGY: THEORY, LINE: FORMATION, Astrophysics},
         year = 1994,
        month = jun,
       volume = {427},
        pages = {603},
          doi = {10.1086/174170},
archivePrefix = {arXiv},
       eprint = {astro-ph/9312006},
 primaryClass = {astro-ph},
       adsurl = {https://ui.adsabs.harvard.edu/abs/1994ApJ...427..603R},
      adsnote = {Provided by the SAO/NASA Astrophysics Data System}
}


@ARTICLE{2020arXiv200509692L,
       author = {{Lao}, Bing-Xin and {Smith}, Aaron},
        title = "{Resonant-line radiative transfer within power-law density profiles}",
      journal = {arXiv e-prints},
     keywords = {Astrophysics - Astrophysics of Galaxies, Astrophysics - Cosmology and Nongalactic Astrophysics},
         year = 2020,
        month = may,
          eid = {arXiv:2005.09692},
        pages = {arXiv:2005.09692},
archivePrefix = {arXiv},
       eprint = {2005.09692},
 primaryClass = {astro-ph.GA},
       adsurl = {https://ui.adsabs.harvard.edu/abs/2020arXiv200509692L},
      adsnote = {Provided by the SAO/NASA Astrophysics Data System}
}


@BOOK{1982qe,
       author = {{Berestetskii}, V.~B. and {Lifshitz}, E.~M. and {Pitaevskii}, V.~B.},
       title = "{Quantum Electrodynamics, 2nd ed.}",
       year = 1982,
       publisher = {Butterworth-Heinemann Press},

}

@ARTICLE{1962MNRAS.125...21H,
       author = {{Hummer}, D.~G.},
        title = "{Non-coherent scattering: I. The redistribution function with Doppler broadening}",
      journal = {\mnras},
         year = 1962,
        month = jan,
       volume = {125},
        pages = {21-37},
          doi = {10.1093/mnras/125.1.21},
       adsurl = {https://ui.adsabs.harvard.edu/abs/1962MNRAS.125...21H},
      adsnote = {Provided by the SAO/NASA Astrophysics Data System}
}


@BOOK{1986rpa..book.....R,
       author = {{Rybicki}, George B. and {Lightman}, Alan P.},
        title = "{Radiative Processes in Astrophysics}",
         year = 1986,
       adsurl = {https://ui.adsabs.harvard.edu/abs/1986rpa..book.....R},
      adsnote = {Provided by the SAO/NASA Astrophysics Data System}
}


@ARTICLE{1973MNRAS.162...43H,
       author = {{Harrington}, J. Patrick},
        title = "{The scattering of resonance-line radiation in the limit of large optical depth}",
      journal = {\mnras},
         year = 1973,
        month = jan,
       volume = {162},
        pages = {43},
          doi = {10.1093/mnras/162.1.43},
       adsurl = {https://ui.adsabs.harvard.edu/abs/1973MNRAS.162...43H},
      adsnote = {Provided by the SAO/NASA Astrophysics Data System}
}


@ARTICLE{1974MNRAS.166..373H,
       author = {{Harrington}, J. Patrick},
        title = "{The scattering of resonance-line radiation in the limit of large optical depth-11. Reflection and transmission of radiation incident upon a slab}",
      journal = {\mnras},
         year = 1974,
        month = feb,
       volume = {166},
        pages = {373-382},
          doi = {10.1093/mnras/166.2.373},
       adsurl = {https://ui.adsabs.harvard.edu/abs/1974MNRAS.166..373H},
      adsnote = {Provided by the SAO/NASA Astrophysics Data System}
}


@ARTICLE{1976ApJ...208..286W,
       author = {{Weymann}, R.},
        title = "{Confinement and internal structure of radiatively accelerated quasar clouds.}",
      journal = {\apj},
     keywords = {Acceleration (Physics), Lyman Alpha Radiation, Quasars, Radiative Transfer, Gas Density, Gas Pressure, Hydrogen Clouds, Pressure Distribution, Astrophysics},
         year = 1976,
        month = sep,
       volume = {208},
        pages = {286-291},
          doi = {10.1086/154605},
       adsurl = {https://ui.adsabs.harvard.edu/abs/1976ApJ...208..286W},
      adsnote = {Provided by the SAO/NASA Astrophysics Data System}
}



@ARTICLE{1990ApJ...350..216N,
       author = {{Neufeld}, David A.},
        title = "{The Transfer of Resonance-Line Radiation in Static Astrophysical Media}",
      journal = {\apj},
     keywords = {Hydrogen Atoms, Interstellar Gas, Radiative Transfer, Resonance Lines, Computational Astrophysics, Partial Differential Equations, Statics, Astrophysics, INTERSTELLAR: MATTER, LINE FORMATION, RADIATIVE TRANSFER},
         year = 1990,
        month = feb,
       volume = {350},
        pages = {216},
          doi = {10.1086/168375},
       adsurl = {https://ui.adsabs.harvard.edu/abs/1990ApJ...350..216N},
      adsnote = {Provided by the SAO/NASA Astrophysics Data System}
}



@ARTICLE{2003Natur.422..143V,
       author = {{Vidal-Madjar}, A. and {Lecavelier des Etangs}, A. and
         {D{\'e}sert}, J. -M. and {Ballester}, G.~E. and {Ferlet}, R. and
         {H{\'e}brard}, G. and {Mayor}, M.},
        title = "{An extended upper atmosphere around the extrasolar planet HD209458b}",
      journal = {\nat},
         year = 2003,
        month = mar,
       volume = {422},
       number = {6928},
        pages = {143-146},
          doi = {10.1038/nature01448},
       adsurl = {https://ui.adsabs.harvard.edu/abs/2003Natur.422..143V},
      adsnote = {Provided by the SAO/NASA Astrophysics Data System}
}



@ARTICLE{2012A&A...543L...4L,
       author = {{Lecavelier des Etangs}, A. and {Bourrier}, V. and {Wheatley}, P.~J. and
         {Dupuy}, H. and {Ehrenreich}, D. and {Vidal-Madjar}, A. and
         {H{\'e}brard}, G. and {Ballester}, G.~E. and {D{\'e}sert}, J. -M. and
         {Ferlet}, R. and {Sing}, D.~K.},
        title = "{Temporal variations in the evaporating atmosphere of the exoplanet HD 189733b}",
      journal = {\aap},
     keywords = {planetary systems, stars: individual: HD 189733, techniques: spectroscopic, planets and satellites: atmospheres, stars: flare, Astrophysics - Earth and Planetary Astrophysics},
         year = 2012,
        month = jul,
       volume = {543},
          eid = {L4},
        pages = {L4},
          doi = {10.1051/0004-6361/201219363},
archivePrefix = {arXiv},
       eprint = {1206.6274},
 primaryClass = {astro-ph.EP},
       adsurl = {https://ui.adsabs.harvard.edu/abs/2012A&A...543L...4L},
      adsnote = {Provided by the SAO/NASA Astrophysics Data System}
}





@ARTICLE{2015Natur.522..459E,
       author = {{Ehrenreich}, David and {Bourrier}, Vincent and {Wheatley}, Peter J. and
         {Lecavelier des Etangs}, Alain and {H{\'e}brard}, Guillaume and
         {Udry}, St{\'e}phane and {Bonfils}, Xavier and {Delfosse}, Xavier and
         {D{\'e}sert}, Jean-Michel and {Sing}, David K. and
         {Vidal-Madjar}, Alfred},
        title = "{A giant comet-like cloud of hydrogen escaping the warm Neptune-mass exoplanet GJ 436b}",
      journal = {\nat},
     keywords = {Astrophysics - Earth and Planetary Astrophysics},
         year = 2015,
        month = jun,
       volume = {522},
       number = {7557},
        pages = {459-461},
          doi = {10.1038/nature14501},
archivePrefix = {arXiv},
       eprint = {1506.07541},
 primaryClass = {astro-ph.EP},
       adsurl = {https://ui.adsabs.harvard.edu/abs/2015Natur.522..459E},
      adsnote = {Provided by the SAO/NASA Astrophysics Data System}
}

@ARTICLE{2015A&A...582A..65B,
       author = {{Bourrier}, V. and {Ehrenreich}, D. and {Lecavelier des Etangs}, A.},
        title = "{Radiative braking in the extended exosphere of GJ 436 b}",
      journal = {\aap},
     keywords = {stars: individual: GJ 436, planets and satellites: atmospheres, Astrophysics - Earth and Planetary Astrophysics},
         year = 2015,
        month = oct,
       volume = {582},
          eid = {A65},
        pages = {A65},
          doi = {10.1051/0004-6361/201526894},
archivePrefix = {arXiv},
       eprint = {1508.06634},
 primaryClass = {astro-ph.EP},
       adsurl = {https://ui.adsabs.harvard.edu/abs/2015A&A...582A..65B},
      adsnote = {Provided by the SAO/NASA Astrophysics Data System}
}

@ARTICLE{2016A&A...591A.121B,
       author = {{Bourrier}, V. and {Lecavelier des Etangs}, A. and {Ehrenreich}, D. and
         {Tanaka}, Y.~A. and {Vidotto}, A.~A.},
        title = "{An evaporating planet in the wind: stellar wind interactions with the radiatively braked exosphere of GJ 436 b}",
      journal = {\aap},
     keywords = {stars: individual: GJ 436, planets and satellites: atmospheres, Astrophysics - Earth and Planetary Astrophysics},
         year = 2016,
        month = jun,
       volume = {591},
          eid = {A121},
        pages = {A121},
          doi = {10.1051/0004-6361/201628362},
archivePrefix = {arXiv},
       eprint = {1605.07973},
 primaryClass = {astro-ph.EP},
       adsurl = {https://ui.adsabs.harvard.edu/abs/2016A&A...591A.121B},
      adsnote = {Provided by the SAO/NASA Astrophysics Data System}
}






@ARTICLE{2012A&A...547A..18E,
       author = {{Ehrenreich}, D. and {Bourrier}, V. and {Bonfils}, X. and
         {Lecavelier des Etangs}, A. and {H{\'e}brard}, G. and {Sing}, D.~K. and
         {Wheatley}, P.~J. and {Vidal-Madjar}, A. and {Delfosse}, X. and
         {Udry}, S. and {Forveille}, T. and {Moutou}, C.},
        title = "{Hint of a transiting extended atmosphere on 55 Cancri b}",
      journal = {\aap},
     keywords = {planetary systems, planets and satellites: atmospheres, stars: individual: 55 Cancri, techniques: spectroscopic, Astrophysics - Earth and Planetary Astrophysics, Astrophysics - Solar and Stellar Astrophysics},
         year = 2012,
        month = nov,
       volume = {547},
          eid = {A18},
        pages = {A18},
          doi = {10.1051/0004-6361/201219981},
archivePrefix = {arXiv},
       eprint = {1210.0531},
 primaryClass = {astro-ph.EP},
       adsurl = {https://ui.adsabs.harvard.edu/abs/2012A&A...547A..18E},
      adsnote = {Provided by the SAO/NASA Astrophysics Data System}
}




@ARTICLE{2017A&A...597A..26B,
       author = {{Bourrier}, V. and {Ehrenreich}, D. and {King}, G. and
         {Lecavelier des Etangs}, A. and {Wheatley}, P.~J. and
         {Vidal-Madjar}, A. and {Pepe}, F. and {Udry}, S.},
        title = "{No hydrogen exosphere detected around the super-Earth HD 97658 b}",
      journal = {\aap},
     keywords = {techniques: spectroscopic, planets and satellites: individual: HD 97658 b, stars: individual: HD 97658, Astrophysics - Earth and Planetary Astrophysics},
         year = 2017,
        month = jan,
       volume = {597},
          eid = {A26},
        pages = {A26},
          doi = {10.1051/0004-6361/201629253},
archivePrefix = {arXiv},
       eprint = {1609.04416},
 primaryClass = {astro-ph.EP},
       adsurl = {https://ui.adsabs.harvard.edu/abs/2017A&A...597A..26B},
      adsnote = {Provided by the SAO/NASA Astrophysics Data System}
}



@ARTICLE{2017A&A...599L...3B,
       author = {{Bourrier}, V. and {Ehrenreich}, D. and {Wheatley}, P.~J. and
         {Bolmont}, E. and {Gillon}, M. and {de Wit}, J. and {Burgasser}, A.~J. and
         {Jehin}, E. and {Queloz}, D. and {Triaud}, A.~H.~M.~J.},
        title = "{Reconnaissance of the TRAPPIST-1 exoplanet system in the Lyman-{\ensuremath{\alpha}} line}",
      journal = {\aap},
     keywords = {planetary systems, stars: individual: TRAPPIST-1, techniques: spectroscopic, Astrophysics - Earth and Planetary Astrophysics},
         year = 2017,
        month = mar,
       volume = {599},
          eid = {L3},
        pages = {L3},
          doi = {10.1051/0004-6361/201630238},
archivePrefix = {arXiv},
       eprint = {1702.07004},
 primaryClass = {astro-ph.EP},
       adsurl = {https://ui.adsabs.harvard.edu/abs/2017A&A...599L...3B},
      adsnote = {Provided by the SAO/NASA Astrophysics Data System}
}


@ARTICLE{2020A&A...634L...4D,
       author = {{dos Santos}, Leonardo A. and {Ehrenreich}, David and
         {Bourrier}, Vincent and {Astudillo-Defru}, Nicola and
         {Bonfils}, Xavier and {Forget}, Fran{\c{c}}ois and {Lovis}, Christophe and
         {Pepe}, Francesco and {Udry}, St{\'e}phane},
        title = "{The high-energy environment and atmospheric escape of the mini-Neptune K2-18 b}",
      journal = {\aap},
     keywords = {stars: individual: K2-18, stars: chromospheres, planets and satellites: atmospheres, ISM: kinematics and dynamics, Astrophysics - Earth and Planetary Astrophysics, Astrophysics - Solar and Stellar Astrophysics},
         year = 2020,
        month = feb,
       volume = {634},
          eid = {L4},
        pages = {L4},
          doi = {10.1051/0004-6361/201937327},
archivePrefix = {arXiv},
       eprint = {2001.04532},
 primaryClass = {astro-ph.EP},
       adsurl = {https://ui.adsabs.harvard.edu/abs/2020A&A...634L...4D},
      adsnote = {Provided by the SAO/NASA Astrophysics Data System}
}


@INPROCEEDINGS{2019EPSC...13.1928L,
       author = {{Lavie}, Baptiste and {Bourrier}, Vincent and {Ehrenreich}, David},
        title = "{Lyman alpha observations of the HD 219134 system: deuterium-to-hydrogen ratio of the local ISM and the exosphere of the super-Earth HD 219134b}",
    booktitle = {EPSC-DPS Joint Meeting 2019},
         year = 2019,
       volume = {2019},
        month = sep,
          eid = {EPSC-DPS2019-1928},
        pages = {EPSC-DPS2019-1928},
       adsurl = {https://ui.adsabs.harvard.edu/abs/2019EPSC...13.1928L},
      adsnote = {Provided by the SAO/NASA Astrophysics Data System}
}

@ARTICLE{2019AJ....158...50W,
       author = {{Waalkes}, William C. and {Berta-Thompson}, Zachory and
         {Bourrier}, Vincent and {Newton}, Elisabeth and {Ehrenreich}, David and
         {Kempton}, Eliza M. -R. and {Charbonneau}, David and {Irwin}, Jonathan and
         {Dittmann}, Jason},
        title = "{Ly{\ensuremath{\alpha}} in the GJ 1132 System: Stellar Emission and Planetary Atmospheric Evolution}",
      journal = {\aj},
     keywords = {line: profiles, planets and satellites: atmospheres, planets and satellites: individual: GJ 1132b, stars: activity, stars: low-mass, ultraviolet: planetary systems, Astrophysics - Earth and Planetary Astrophysics, Astrophysics - Solar and Stellar Astrophysics},
         year = 2019,
        month = jul,
       volume = {158},
       number = {1},
          eid = {50},
        pages = {50},
          doi = {10.3847/1538-3881/ab24c2},
archivePrefix = {arXiv},
       eprint = {1906.04274},
 primaryClass = {astro-ph.EP},
       adsurl = {https://ui.adsabs.harvard.edu/abs/2019AJ....158...50W},
      adsnote = {Provided by the SAO/NASA Astrophysics Data System}
}




@ARTICLE{2014ApJ...780...61L,
       author = {{Linsky}, Jeffrey L. and {Fontenla}, Juan and {France}, Kevin},
        title = "{The Intrinsic Extreme Ultraviolet Fluxes of F5 V TO M5 V Stars}",
      journal = {\apj},
     keywords = {planet-star interactions, planets and satellites: atmospheres, stars: chromospheres, stars: low-mass, Sun: UV radiation, ultraviolet: stars, Astrophysics - Solar and Stellar Astrophysics},
         year = 2014,
        month = jan,
       volume = {780},
       number = {1},
          eid = {61},
        pages = {61},
          doi = {10.1088/0004-637X/780/1/61},
archivePrefix = {arXiv},
       eprint = {1310.1360},
 primaryClass = {astro-ph.SR},
       adsurl = {https://ui.adsabs.harvard.edu/abs/2014ApJ...780...61L},
      adsnote = {Provided by the SAO/NASA Astrophysics Data System}
}


@ARTICLE{2013A&A...557A.124B,
       author = {{Bourrier}, V. and {Lecavelier des Etangs}, A.},
        title = "{3D model of hydrogen atmospheric escape from HD 209458b and HD 189733b: radiative blow-out and stellar wind interactions}",
      journal = {\aap},
     keywords = {planets and satellites: atmospheres, stars: individual: HD 209458, stars: individual: HD 189733, methods: numerical, Astrophysics - Earth and Planetary Astrophysics},
         year = 2013,
        month = sep,
       volume = {557},
          eid = {A124},
        pages = {A124},
          doi = {10.1051/0004-6361/201321551},
archivePrefix = {arXiv},
       eprint = {1308.0561},
 primaryClass = {astro-ph.EP},
       adsurl = {https://ui.adsabs.harvard.edu/abs/2013A&A...557A.124B},
      adsnote = {Provided by the SAO/NASA Astrophysics Data System}
}


@ARTICLE{2019ApJ...885...67K,
       author = {{Khodachenko}, M.~L. and {Shaikhislamov}, I.~F. and {Lammer}, H. and
         {Berezutsky}, A.~G. and {Miroshnichenko}, I.~B. and
         {Rumenskikh}, M.~S. and {Kislyakova}, K.~G. and {Dwivedi}, N.~K.},
        title = "{Global 3D Hydrodynamic Modeling of In-transit Ly{\ensuremath{\alpha}} Absorption of GJ 436b}",
      journal = {\apj},
     keywords = {Exoplanet atmospheres, Hydrodynamical simulations, Space plasmas, Exoplanets, Hot Neptunes, Transits, Astrophysics - Earth and Planetary Astrophysics, Astrophysics - Solar and Stellar Astrophysics},
         year = 2019,
        month = nov,
       volume = {885},
       number = {1},
          eid = {67},
        pages = {67},
          doi = {10.3847/1538-4357/ab46a4},
archivePrefix = {arXiv},
       eprint = {1910.10403},
 primaryClass = {astro-ph.EP},
       adsurl = {https://ui.adsabs.harvard.edu/abs/2019ApJ...885...67K},
      adsnote = {Provided by the SAO/NASA Astrophysics Data System}
}


@ARTICLE{2019arXiv190310772O,
       author = {{Odert}, P. and {Erkaev}, N.~V. and {Kislyakova}, K.~G. and
         {Lammer}, H. and {Mezentsev}, A.~V. and {Ivanov}, V.~A. and
         {Fossati}, L. and {Leitzinger}, M. and {Kubyshkina}, D. and
         {Holmstroem}, M.},
        title = "{Modeling the Ly$\alpha$ transit absorption of the hot Jupiter HD 189733b}",
      journal = {arXiv e-prints},
     keywords = {Astrophysics - Earth and Planetary Astrophysics},
         year = 2019,
        month = mar,
          eid = {arXiv:1903.10772},
        pages = {arXiv:1903.10772},
archivePrefix = {arXiv},
       eprint = {1903.10772},
 primaryClass = {astro-ph.EP},
       adsurl = {https://ui.adsabs.harvard.edu/abs/2019arXiv190310772O},
      adsnote = {Provided by the SAO/NASA Astrophysics Data System}
}


@ARTICLE{2016A&A...586A..75S,
       author = {{Salz}, M. and {Czesla}, S. and {Schneider}, P.~C. and
         {Schmitt}, J.~H.~M.~M.},
        title = "{Simulating the escaping atmospheres of hot gas planets in the solar neighborhood}",
      journal = {\aap},
     keywords = {methods: numerical, hydrodynamics, radiation mechanisms: non-thermal, planets and satellites: atmospheres, planets and satellites: dynamical evolution and stability, Astrophysics - Earth and Planetary Astrophysics},
         year = 2016,
        month = feb,
       volume = {586},
          eid = {A75},
        pages = {A75},
          doi = {10.1051/0004-6361/201526109},
archivePrefix = {arXiv},
       eprint = {1511.09341},
 primaryClass = {astro-ph.EP},
       adsurl = {https://ui.adsabs.harvard.edu/abs/2016A&A...586A..75S},
      adsnote = {Provided by the SAO/NASA Astrophysics Data System}
}


@ARTICLE{2016MNRAS.457.1666S,
       author = {{Schneiter}, E.~M. and {Esquivel}, A. and {Villarreal D'Angelo}, C.~S. and
         {Vel{\'a}zquez}, P.~F. and {Raga}, A.~C. and {Costa}, A.},
        title = "{Photoionization of planetary winds: case study HD 209458b}",
      journal = {\mnras},
     keywords = {hydrodynamics, radiation mechanisms: general, methods: numerical, planets and satellites: individual: HD 209458b, Astrophysics - Earth and Planetary Astrophysics},
         year = 2016,
        month = apr,
       volume = {457},
       number = {2},
        pages = {1666-1674},
          doi = {10.1093/mnras/stw076},
archivePrefix = {arXiv},
       eprint = {1601.02058},
 primaryClass = {astro-ph.EP},
       adsurl = {https://ui.adsabs.harvard.edu/abs/2016MNRAS.457.1666S},
      adsnote = {Provided by the SAO/NASA Astrophysics Data System}
}

@ARTICLE{2016ApJ...824..101Y,
       author = {{Youngblood}, Allison and {France}, Kevin and {Loyd}, R.~O. Parke and
         {Linsky}, Jeffrey L. and {Redfield}, Seth and
         {Schneider}, P. Christian and {Wood}, Brian E. and {Brown}, Alexander and
         {Froning}, Cynthia and {Miguel}, Yamila and {Rugheimer}, Sarah and
         {Walkowicz}, Lucianne},
        title = "{The MUSCLES Treasury Survey. II. Intrinsic LY{\ensuremath{\alpha}} and Extreme Ultraviolet Spectra of K and M Dwarfs with Exoplanets*}",
      journal = {\apj},
     keywords = {ISM: clouds, stars: low-mass, Astrophysics - Solar and Stellar Astrophysics},
         year = 2016,
        month = jun,
       volume = {824},
       number = {2},
          eid = {101},
        pages = {101},
          doi = {10.3847/0004-637X/824/2/101},
archivePrefix = {arXiv},
       eprint = {1604.01032},
 primaryClass = {astro-ph.SR},
       adsurl = {https://ui.adsabs.harvard.edu/abs/2016ApJ...824..101Y},
      adsnote = {Provided by the SAO/NASA Astrophysics Data System}
}




@ARTICLE{2016ApJ...832..173S,
       author = {{Shaikhislamov}, I.~F. and {Khodachenko}, M.~L. and {Lammer}, H. and
         {Kislyakova}, K.~G. and {Fossati}, L. and {Johnstone}, C.~P. and
         {Prokopov}, P.~A. and {Berezutsky}, A.~G. and {Zakharov}, Yu. P. and
         {Posukh}, V.~G.},
        title = "{Two Regimes of Interaction of a Hot Jupiter{\textquoteright}s Escaping Atmosphere with the Stellar Wind and Generation of Energized Atomic Hydrogen Corona}",
      journal = {\apj},
     keywords = {hydrodynamics, planets and satellites: atmospheres, planets and satellites: individual: exoplanets, planets and satellites: physical evolution, planet─star interactions, plasmas, Astrophysics - Earth and Planetary Astrophysics, Astrophysics - Solar and Stellar Astrophysics},
         year = 2016,
        month = dec,
       volume = {832},
       number = {2},
          eid = {173},
        pages = {173},
          doi = {10.3847/0004-637X/832/2/173},
archivePrefix = {arXiv},
       eprint = {1701.07692},
 primaryClass = {astro-ph.EP},
       adsurl = {https://ui.adsabs.harvard.edu/abs/2016ApJ...832..173S},
      adsnote = {Provided by the SAO/NASA Astrophysics Data System}
}


@ARTICLE{2019A&A...623A.131K,
       author = {{Kislyakova}, K.~G. and {Holmstr{\"o}m}, M. and {Odert}, P. and
         {Lammer}, H. and {Erkaev}, N.~V. and {Khodachenko}, M.~L. and
         {Shaikhislamov}, I.~F. and {Dorfi}, E. and {G{\"u}del}, M.},
        title = "{Transit Lyman-{\ensuremath{\alpha}} signatures of terrestrial planets in the habitable zones of M dwarfs}",
      journal = {\aap},
     keywords = {planets and satellites: terrestrial planets, planets and satellites: atmospheres, planet-star interactions, ultraviolet: planetary systems, methods: numerical, Astrophysics - Earth and Planetary Astrophysics},
         year = 2019,
        month = mar,
       volume = {623},
          eid = {A131},
        pages = {A131},
          doi = {10.1051/0004-6361/201833941},
archivePrefix = {arXiv},
       eprint = {1903.02303},
 primaryClass = {astro-ph.EP},
       adsurl = {https://ui.adsabs.harvard.edu/abs/2019A&A...623A.131K},
      adsnote = {Provided by the SAO/NASA Astrophysics Data System}
}


@ARTICLE{2019MNRAS.483.1481D,
       author = {{Debrecht}, Alex and {Carroll-Nellenback}, Jonathan and {Frank}, Adam and
         {McCann}, John and {Murray-Clay}, Ruth and {Blackman}, Eric G.},
        title = "{Photoevaporative flows from exoplanet atmospheres: a 3D radiative hydrodynamic parameter study}",
      journal = {\mnras},
     keywords = {hydrodynamics, planets and satellites: atmospheres, planet-star interactions, Astrophysics - Earth and Planetary Astrophysics},
         year = 2019,
        month = feb,
       volume = {483},
       number = {2},
        pages = {1481-1495},
          doi = {10.1093/mnras/sty3212},
archivePrefix = {arXiv},
       eprint = {1811.09314},
 primaryClass = {astro-ph.EP},
       adsurl = {https://ui.adsabs.harvard.edu/abs/2019MNRAS.483.1481D},
      adsnote = {Provided by the SAO/NASA Astrophysics Data System}
}


@ARTICLE{2019A&A...622A..46D,
       author = {{dos Santos}, Leonardo A. and {Bourrier}, Vincent and
         {Ehrenreich}, David and {Kameda}, Shingo},
        title = "{Observability of hydrogen-rich exospheres in Earth-like exoplanets}",
      journal = {\aap},
     keywords = {planets and satellites: atmospheres, techniques: spectroscopic, ultraviolet: stars, ultraviolet: planetary systems, Astrophysics - Earth and Planetary Astrophysics},
         year = 2019,
        month = feb,
       volume = {622},
          eid = {A46},
        pages = {A46},
          doi = {10.1051/0004-6361/201833392},
archivePrefix = {arXiv},
       eprint = {1812.02145},
 primaryClass = {astro-ph.EP},
       adsurl = {https://ui.adsabs.harvard.edu/abs/2019A&A...622A..46D},
      adsnote = {Provided by the SAO/NASA Astrophysics Data System}
}


@ARTICLE{2018MNRAS.481.5315S,
       author = {{Shaikhislamov}, I.~F. and {Khodachenko}, M.~L. and {Lammer}, H. and
         {Berezutsky}, A.~G. and {Miroshnichenko}, I.~B. and {Rumenskikh}, M.~S.},
        title = "{3D Aeronomy modelling of close-in exoplanets}",
      journal = {\mnras},
     keywords = {hydrodynamics, plasmas, planets and satellites: atmospheres, planet-star interactions, Astrophysics - Earth and Planetary Astrophysics},
         year = 2018,
        month = dec,
       volume = {481},
       number = {4},
        pages = {5315-5323},
          doi = {10.1093/mnras/sty2652},
archivePrefix = {arXiv},
       eprint = {1811.08146},
 primaryClass = {astro-ph.EP},
       adsurl = {https://ui.adsabs.harvard.edu/abs/2018MNRAS.481.5315S},
      adsnote = {Provided by the SAO/NASA Astrophysics Data System}
}


@ARTICLE{2018A&A...620A.147B,
       author = {{Bourrier}, V. and {Lecavelier des Etangs}, A. and {Ehrenreich}, D. and
         {Sanz-Forcada}, J. and {Allart}, R. and {Ballester}, G.~E. and
         {Buchhave}, L.~A. and {Cohen}, O. and {Deming}, D. and {Evans}, T.~M. and
         {Garc{\'\i}a Mu{\~n}oz}, A. and {Henry}, G.~W. and {Kataria}, T. and
         {Lavvas}, P. and {Lewis}, N. and {L{\'o}pez-Morales}, M. and
         {Marley}, M. and {Sing}, D.~K. and {Wakeford}, H.~R.},
        title = "{Hubble PanCET: an extended upper atmosphere of neutral hydrogen around the warm Neptune GJ 3470b}",
      journal = {\aap},
     keywords = {techniques: spectroscopic, planets and satellites: atmospheres, planets and satellites: individual: GJ 3470b, planet-star interactions, ultraviolet: stars, Astrophysics - Earth and Planetary Astrophysics, Astrophysics - Solar and Stellar Astrophysics},
         year = 2018,
        month = dec,
       volume = {620},
          eid = {A147},
        pages = {A147},
          doi = {10.1051/0004-6361/201833675},
archivePrefix = {arXiv},
       eprint = {1812.05119},
 primaryClass = {astro-ph.EP},
       adsurl = {https://ui.adsabs.harvard.edu/abs/2018A&A...620A.147B},
      adsnote = {Provided by the SAO/NASA Astrophysics Data System}
}


@INPROCEEDINGS{2018abmc.conf..277C,
       author = {{Cherenkov}, A.~A. and {Bisikalo}, D.~V.},
        title = "{Influence of radiation pressure of the host star on the atmospheric gas-dynamics of hot-Jupiter HD 209458b}",
    booktitle = {A.A. Boyarchuk Memorial Conference},
         year = 2018,
       editor = {{Bisikalo}, D.~V. and {Wiebe}, D.~S.},
        month = may,
        pages = {277-282},
          doi = {10.26087/INASAN.2018.1.1.047},
       adsurl = {https://ui.adsabs.harvard.edu/abs/2018abmc.conf..277C},
      adsnote = {Provided by the SAO/NASA Astrophysics Data System}
}

@ARTICLE{2017AJ....154..121B,
       author = {{Bourrier}, V. and {de Wit}, J. and {Bolmont}, E. and
         {Stamenkovi{\'c}}, V. and {Wheatley}, P.~J. and {Burgasser}, A.~J. and
         {Delrez}, L. and {Demory}, B. -O. and {Ehrenreich}, D. and
         {Gillon}, M. and {Jehin}, E. and {Leconte}, J. and {Lederer}, S.~M. and
         {Lewis}, N. and {Triaud}, A.~H.~M.~J. and {Van Grootel}, V.},
        title = "{Temporal Evolution of the High-energy Irradiation and Water Content of TRAPPIST-1 Exoplanets}",
      journal = {\aj},
     keywords = {planetary systems, planets and satellites: atmospheres, planets and satellites: terrestrial planets, stars: individual: TRAPPIST-1, stars: low-mass, ultraviolet: planetary systems, Astrophysics - Earth and Planetary Astrophysics},
         year = 2017,
        month = sep,
       volume = {154},
       number = {3},
          eid = {121},
        pages = {121},
          doi = {10.3847/1538-3881/aa859c},
archivePrefix = {arXiv},
       eprint = {1708.09484},
 primaryClass = {astro-ph.EP},
       adsurl = {https://ui.adsabs.harvard.edu/abs/2017AJ....154..121B},
      adsnote = {Provided by the SAO/NASA Astrophysics Data System}
}


@ARTICLE{2017A&A...605L...7L,
       author = {{Lavie}, B. and {Ehrenreich}, D. and {Bourrier}, V. and
         {Lecavelier des Etangs}, A. and {Vidal-Madjar}, A. and {Delfosse}, X. and
         {Gracia Berna}, A. and {Heng}, K. and {Thomas}, N. and {Udry}, S. and
         {Wheatley}, P.~J.},
        title = "{The long egress of GJ 436b's giant exosphere}",
      journal = {\aap},
     keywords = {planets and satellites: atmospheres, planets and satellites: gaseous planets, planets and satellites: individual: GJ 436, Astrophysics - Earth and Planetary Astrophysics},
         year = 2017,
        month = sep,
       volume = {605},
          eid = {L7},
        pages = {L7},
          doi = {10.1051/0004-6361/201731340},
archivePrefix = {arXiv},
       eprint = {1709.04686},
 primaryClass = {astro-ph.EP},
       adsurl = {https://ui.adsabs.harvard.edu/abs/2017A&A...605L...7L},
      adsnote = {Provided by the SAO/NASA Astrophysics Data System}
}


@ARTICLE{2017A&A...602A.106B,
       author = {{Bourrier}, V. and {Ehrenreich}, D. and {Allart}, R. and
         {Wyttenbach}, A. and {Semaan}, T. and {Astudillo-Defru}, N. and
         {Gracia-Bern{\'a}}, A. and {Lovis}, C. and {Pepe}, F. and {Thomas}, N. and
         {Udry}, S.},
        title = "{Strong H I Lyman-{\ensuremath{\alpha}} variations from an 11 Gyr-old host star: a planetary origin?}",
      journal = {\aap},
     keywords = {planetary systems, stars: individual: Kepler-444, planets and satellites: atmospheres, techniques: spectroscopic, Astrophysics - Earth and Planetary Astrophysics, Astrophysics - Solar and Stellar Astrophysics},
         year = 2017,
        month = jun,
       volume = {602},
          eid = {A106},
        pages = {A106},
          doi = {10.1051/0004-6361/201730542},
archivePrefix = {arXiv},
       eprint = {1703.00504},
 primaryClass = {astro-ph.EP},
       adsurl = {https://ui.adsabs.harvard.edu/abs/2017A&A...602A.106B},
      adsnote = {Provided by the SAO/NASA Astrophysics Data System}
}


@ARTICLE{2016Icar..280..415B,
       author = {{Beth}, A. and {Garnier}, P. and {Toublanc}, D. and {Dandouras}, I. and
         {Mazelle}, C.},
        title = "{Theory for planetary exospheres: III. Radiation pressure effect on the Circular Restricted Three Body Problem and its implication on planetary atmospheres}",
      journal = {\icarus},
     keywords = {Atmosphere, dynamics, Celestial mechanics, Solar radiation, Extra-solar planets, Astrophysics - Earth and Planetary Astrophysics},
         year = 2016,
        month = dec,
       volume = {280},
        pages = {415-423},
          doi = {10.1016/j.icarus.2016.06.028},
archivePrefix = {arXiv},
       eprint = {1508.00426},
 primaryClass = {astro-ph.EP},
       adsurl = {https://ui.adsabs.harvard.edu/abs/2016Icar..280..415B},
      adsnote = {Provided by the SAO/NASA Astrophysics Data System}
}


@ARTICLE{2019A&A...629A..47D,
       author = {{dos Santos}, L.~A. and {Ehrenreich}, D. and {Bourrier}, V. and
         {Lecavelier des Etangs}, A. and {L{\'o}pez-Morales}, M. and
         {Sing}, D.~K. and {Ballester}, G. and {Ben-Jaffel}, L. and
         {Buchhave}, L.~A. and {Garc{\'\i}a Mu{\~n}oz}, A. and {Henry}, G.~W. and
         {Kataria}, T. and {Lavie}, B. and {Lavvas}, P. and {Lewis}, N.~K. and
         {Mikal-Evans}, T. and {Sanz-Forcada}, J. and {Wakeford}, H.},
        title = "{The Hubble PanCET program: an extensive search for metallic ions in the exosphere of GJ 436 b}",
      journal = {\aap},
     keywords = {stars: individual: GJ 436, stars: activity, stars: chromospheres, planets and satellites: atmospheres, Astrophysics - Earth and Planetary Astrophysics, Astrophysics - Solar and Stellar Astrophysics},
         year = 2019,
        month = sep,
       volume = {629},
          eid = {A47},
        pages = {A47},
          doi = {10.1051/0004-6361/201935663},
archivePrefix = {arXiv},
       eprint = {1907.05906},
 primaryClass = {astro-ph.EP},
       adsurl = {https://ui.adsabs.harvard.edu/abs/2019A&A...629A..47D},
      adsnote = {Provided by the SAO/NASA Astrophysics Data System}
}


@ARTICLE{2020ApJ...888L..21G,
       author = {{Garc{\'\i}a Mu{\~n}oz}, A. and {Youngblood}, A. and {Fossati}, L. and
         {Gandolfi}, D. and {Cabrera}, J. and {Rauer}, H.},
        title = "{Is {\ensuremath{\pi}} Men c{\textquoteright}s Atmosphere Hydrogen-dominated? Insights from a Non-detection of H I Ly{\ensuremath{\alpha}} Absorption}",
      journal = {\apjl},
     keywords = {Exoplanet atmospheres, Aeronomy, Ultraviolet astronomy, Exoplanet atmospheric composition, Astrophysics - Earth and Planetary Astrophysics},
         year = 2020,
        month = jan,
       volume = {888},
       number = {2},
          eid = {L21},
        pages = {L21},
          doi = {10.3847/2041-8213/ab61ff},
archivePrefix = {arXiv},
       eprint = {1912.06913},
 primaryClass = {astro-ph.EP},
       adsurl = {https://ui.adsabs.harvard.edu/abs/2020ApJ...888L..21G},
      adsnote = {Provided by the SAO/NASA Astrophysics Data System}
}


@ARTICLE{2007JCoPh.222..485D,
       author = {{Densmore}, Jeffery D. and {Urbatsch}, Todd J. and {Evans}, Thomas M. and
         {Buksas}, Michael W.},
        title = "{A hybrid transport-diffusion method for Monte Carlo radiative-transfer simulations}",
      journal = {Journal of Computational Physics},
         year = 2007,
        month = mar,
       volume = {222},
       number = {2},
        pages = {485-503},
          doi = {10.1016/j.jcp.2006.07.031},
       adsurl = {https://ui.adsabs.harvard.edu/abs/2007JCoPh.222..485D},
      adsnote = {Provided by the SAO/NASA Astrophysics Data System}
}

@ARTICLE{2001JCoPh.172..543G,
       author = {{Gentile}, N.~A.},
        title = "{Implicit Monte Carlo Diffusion{\textemdash}An Acceleration Method for Monte Carlo Time-Dependent Radiative Transfer Simulations}",
      journal = {Journal of Computational Physics},
         year = 2001,
        month = sep,
       volume = {172},
       number = {2},
        pages = {543-571},
          doi = {10.1006/jcph.2001.6836},
       adsurl = {https://ui.adsabs.harvard.edu/abs/2001JCoPh.172..543G},
      adsnote = {Provided by the SAO/NASA Astrophysics Data System}
}


@ARTICLE{1984JCoPh..54..508F,
       author = {{Fleck}, J.~A., Jr. and {Canfield}, E.~H.},
        title = "{A Random Walk Procedure for Improving the Computational Efficiency of the Implicit Monte Carlo Method for Nonlinear Radiation Transport}",
      journal = {Journal of Computational Physics},
     keywords = {Monte Carlo Method, Nonlinear Equations, Radiation Transport, Random Walk, Wave Scattering, Black Body Radiation, Diffusion Theory, Optical Thickness, Radiation Absorption, Run Time (Computers), Statistical Analysis, Thermodynamics and Statistical Physics},
         year = 1984,
        month = jun,
       volume = {54},
       number = {3},
        pages = {508-523},
          doi = {10.1016/0021-9991(84)90130-X},
       adsurl = {https://ui.adsabs.harvard.edu/abs/1984JCoPh..54..508F},
      adsnote = {Provided by the SAO/NASA Astrophysics Data System}
}

@ARTICLE{2009A&A...497..155M,
       author = {{Min}, M. and {Dullemond}, C.~P. and {Dominik}, C. and {de Koter}, A. and
         {Hovenier}, J.~W.},
        title = "{Radiative transfer in very optically thick circumstellar disks}",
      journal = {\aap},
     keywords = {radiative transfer, diffusion, stars: circumstellar matter, Astrophysics - Instrumentation and Methods for Astrophysics},
         year = 2009,
        month = apr,
       volume = {497},
       number = {1},
        pages = {155-166},
          doi = {10.1051/0004-6361/200811470},
archivePrefix = {arXiv},
       eprint = {0902.3092},
 primaryClass = {astro-ph.IM},
       adsurl = {https://ui.adsabs.harvard.edu/abs/2009A&A...497..155M},
      adsnote = {Provided by the SAO/NASA Astrophysics Data System}
}

@ARTICLE{2010A&A...520A..70R,
       author = {{Robitaille}, T.~P.},
        title = "{On the modified random walk algorithm for Monte-Carlo radiation transfer}",
      journal = {\aap},
     keywords = {radiative transfer, diffusion, circumstellar matter, methods: numerical, Astrophysics - Instrumentation and Methods for Astrophysics},
         year = 2010,
        month = sep,
       volume = {520},
          eid = {A70},
        pages = {A70},
          doi = {10.1051/0004-6361/201015025},
archivePrefix = {arXiv},
       eprint = {1010.0001},
 primaryClass = {astro-ph.IM},
       adsurl = {https://ui.adsabs.harvard.edu/abs/2010A&A...520A..70R},
      adsnote = {Provided by the SAO/NASA Astrophysics Data System}
}

@ARTICLE{2002ApJ...567..922A,
       author = {{Ahn}, Sang-Hyeon and {Lee}, Hee-Won and {Lee}, Hyung Mok},
        title = "{Ly{\ensuremath{\alpha}} Line Formation in Starbursting Galaxies. II. Extremely Thick, Dustless, and Static H I Media}",
      journal = {\apj},
     keywords = {Galaxies: Starburst, Galaxy: Formation, Line: Formation, Radiative Transfer, Astrophysics},
         year = 2002,
        month = mar,
       volume = {567},
       number = {2},
        pages = {922-930},
          doi = {10.1086/338497},
archivePrefix = {arXiv},
       eprint = {astro-ph/0111013},
 primaryClass = {astro-ph},
       adsurl = {https://ui.adsabs.harvard.edu/abs/2002ApJ...567..922A},
      adsnote = {Provided by the SAO/NASA Astrophysics Data System}
}

@ARTICLE{1968ApJ...153..783A,
       author = {{Auer}, Lawrence H.},
        title = "{Transfer of Lyman Alpha in Diffuse Nebulae}",
      journal = {\apj},
         year = 1968,
        month = sep,
       volume = {153},
        pages = {783},
          doi = {10.1086/149705},
       adsurl = {https://ui.adsabs.harvard.edu/abs/1968ApJ...153..783A},
      adsnote = {Provided by the SAO/NASA Astrophysics Data System}
}


@ARTICLE{2018MNRAS.479.2065S,
       author = {{Smith}, Aaron and {Tsang}, Benny T. -H. and {Bromm}, Volker and
         {Milosavljevi{\'c}}, Milo{\v{s}}},
        title = "{Discrete diffusion Lyman {\ensuremath{\alpha}} radiative transfer}",
      journal = {\mnras},
     keywords = {radiative transfer, galaxies: high-redshift, line: formation, Astrophysics - Cosmology and Nongalactic Astrophysics, Astrophysics - Astrophysics of Galaxies, Physics - Computational Physics},
         year = 2018,
        month = sep,
       volume = {479},
       number = {2},
        pages = {2065-2078},
          doi = {10.1093/mnras/sty1509},
archivePrefix = {arXiv},
       eprint = {1709.10187},
 primaryClass = {astro-ph.CO},
       adsurl = {https://ui.adsabs.harvard.edu/abs/2018MNRAS.479.2065S},
      adsnote = {Provided by the SAO/NASA Astrophysics Data System}
}

@ARTICLE{2006ApJ...648..762T,
       author = {{Tasitsiomi}, Argyro},
        title = "{On the Transfer of Resonant-Line Radiation in Mesh Simulations}",
      journal = {\apj},
     keywords = {Line: Formation, Line: Profiles, Radiative Transfer, Scattering, Astrophysics},
         year = 2006,
        month = sep,
       volume = {648},
       number = {1},
        pages = {762-766},
          doi = {10.1086/505682},
archivePrefix = {arXiv},
       eprint = {astro-ph/0601562},
 primaryClass = {astro-ph},
       adsurl = {https://ui.adsabs.harvard.edu/abs/2006ApJ...648..762T},
      adsnote = {Provided by the SAO/NASA Astrophysics Data System}
}

@ARTICLE{2009ApJ...696..853L,
       author = {{Laursen}, Peter and {Razoumov}, Alexei O. and {Sommer-Larsen}, Jesper},
        title = "{Ly{\ensuremath{\alpha}} Radiative Transfer in Cosmological Simulations Using Adaptive Mesh Refinement}",
      journal = {\apj},
     keywords = {galaxies: evolution, galaxies: formation, galaxies: fundamental parameters, line: formation, line: profiles, radiative transfer, scattering, Astrophysics},
         year = 2009,
        month = may,
       volume = {696},
       number = {1},
        pages = {853-869},
          doi = {10.1088/0004-637X/696/1/853},
archivePrefix = {arXiv},
       eprint = {0805.3153},
 primaryClass = {astro-ph},
       adsurl = {https://ui.adsabs.harvard.edu/abs/2009ApJ...696..853L},
      adsnote = {Provided by the SAO/NASA Astrophysics Data System}
}

